<record><leader>00000cas a22000007a 4500</leader><controlfield tag="001">35197869</controlfield><controlfield tag="008">960806d190u190uokudn n       0    0eng d</controlfield><datafield ind1=" " ind2=" " tag="010"><subfield code="a">sn 96093819 </subfield></datafield><datafield ind1=" " ind2=" " tag="040"><subfield code="a">OBN</subfield><subfield code="b">eng</subfield><subfield code="c">OBN</subfield><subfield code="d">OCLCQ</subfield><subfield code="d">OCLCF</subfield><subfield code="d">OCLCO</subfield></datafield><datafield ind1="1" ind2=" " tag="029"><subfield code="a">AU@</subfield><subfield code="b">000012746168</subfield></datafield><datafield ind1=" " ind2=" " tag="042"><subfield code="a">msc</subfield></datafield><datafield ind1=" " ind2=" " tag="043"><subfield code="a">n-us-ok</subfield></datafield><datafield ind1="0" ind2="4" tag="245"><subfield code="a">The Daily peoples voice.</subfield></datafield><datafield ind1=" " ind2=" " tag="260"><subfield code="a">Watonga, Okla. :</subfield><subfield code="b">Peoples Voice Pub. Co.</subfield></datafield><datafield ind1=" " ind2=" " tag="300"><subfield code="a">v.</subfield></datafield><datafield ind1=" " ind2=" " tag="310"><subfield code="a">Daily (except Thurs. and Sun.)</subfield></datafield><datafield ind1=" " ind2=" " tag="588"><subfield code="a">Description based on: Vol. 1, no. 17 (Oct. 29, 1906).</subfield></datafield><datafield ind1=" " ind2="0" tag="651"><subfield code="a">Watonga (Okla.)</subfield><subfield code="v">Newspapers.</subfield></datafield><datafield ind1=" " ind2="0" tag="651"><subfield code="a">Blaine County (Okla.)</subfield><subfield code="v">Newspapers.</subfield></datafield><datafield ind1=" " ind2="7" tag="655"><subfield code="a">Newspapers.</subfield><subfield code="2">fast</subfield><subfield code="0">(OCoLC)fst01423814</subfield></datafield><datafield ind1=" " ind2="7" tag="651"><subfield code="a">Oklahoma</subfield><subfield code="z">Blaine County.</subfield><subfield code="2">fast</subfield><subfield code="0">(OCoLC)fst01221848</subfield></datafield><datafield ind1=" " ind2="7" tag="651"><subfield code="a">Oklahoma</subfield><subfield code="z">Watonga.</subfield><subfield code="2">fast</subfield><subfield code="0">(OCoLC)fst01251956</subfield></datafield><datafield ind1=" " ind2=" " tag="752"><subfield code="a">United States</subfield><subfield code="b">Oklahoma</subfield><subfield code="c">Blaine</subfield><subfield code="d">Watonga.</subfield></datafield><datafield ind1="0" ind2=" " tag="775"><subfield code="t">Peoples voice (Watonga, Okla.)</subfield><subfield code="w">(DLC)sn 96093818</subfield><subfield code="w">(OCoLC)35197850</subfield></datafield></record>